<record><leader>00000cas a22000007a 4500</leader><controlfield tag="001">12290802</controlfield><controlfield tag="008">850722d19641967wiuwr ne      0    0eng d</controlfield><controlfield tag="009">3770</controlfield><datafield ind1=" " ind2=" " tag="010"><subfield code="a">sn 85040865 </subfield></datafield><datafield ind1=" " ind2=" " tag="040"><subfield code="a">NPV</subfield><subfield code="b">eng</subfield><subfield code="c">NPV</subfield><subfield code="d">DLC</subfield><subfield code="d">OCLCQ</subfield></datafield><datafield ind1=" " ind2=" " tag="042"><subfield code="a">msc</subfield></datafield><datafield ind1="0" ind2="4" tag="245"><subfield code="a">The Seymour-Black Creek community press.</subfield></datafield><datafield ind1="1" ind2="3" tag="246"><subfield code="a">Seymour Black Creek community press</subfield></datafield><datafield ind1="3" ind2="0" tag="246"><subfield code="a">Press</subfield></datafield><datafield ind1=" " ind2=" " tag="260"><subfield code="a">Seymour, Wis. :</subfield><subfield code="b">K-V Pub.,</subfield><subfield code="c">1964-1967.</subfield></datafield><datafield ind1=" " ind2=" " tag="300"><subfield code="a">4 v. :</subfield><subfield code="b">ill.</subfield></datafield><datafield ind1=" " ind2=" " tag="310"><subfield code="a">Weekly</subfield></datafield><datafield ind1="0" ind2=" " tag="362"><subfield code="a">Vol. 78, no. 25 (Jan. 16, 1964)-v. 82, no. 26 (Dec. 28, 1967).</subfield></datafield><datafield ind1=" " ind2=" " tag="500"><subfield code="a">Publisher varies.</subfield></datafield><datafield ind1=" " ind2=" " tag="752"><subfield code="a">United States</subfield><subfield code="b">Wisconsin</subfield><subfield code="c">Outagamie</subfield><subfield code="d">Seymour.</subfield></datafield><datafield ind1=" " ind2=" " tag="752"><subfield code="a">United States</subfield><subfield code="b">Wisconsin</subfield><subfield code="c">Outagamie</subfield><subfield code="d">Black Creek.</subfield></datafield><datafield ind1="0" ind2="0" tag="780"><subfield code="t">Seymour press</subfield><subfield code="w">(DLC)sn 85040864</subfield></datafield><datafield ind1="0" ind2="0" tag="785"><subfield code="t">Press (Seymour, Wis.)</subfield><subfield code="w">(DLC)sn 85040866</subfield></datafield></record>